@online{raspberrypi,
  author    = {Raspberry Pi Foundation},
  title     = {Raspberry Pi Zero 2 W Product Brief.},
  year      = {2021},
  url       = {https://datasheets.raspberrypi.com/rpizero2/raspberry-pi-zero-2-w-product-brief.pdf},
  urldate   = {2025-01-25},
  note      = {Letzter Zugriff am 25. Januar 2025}
}
